<record><leader>00000cas a2200000 i 4500</leader><controlfield tag="001">922569377</controlfield><controlfield tag="006">m     o  d        </controlfield><controlfield tag="007">cr |||||||||||</controlfield><controlfield tag="008">150930d18931901iduwr neo     0   a0eng  </controlfield><datafield ind1=" " ind2=" " tag="010"><subfield code="a">  2015218875</subfield></datafield><datafield ind1=" " ind2=" " tag="040"><subfield code="a">DLC</subfield><subfield code="b">eng</subfield><subfield code="e">rda</subfield><subfield code="c">DLC</subfield><subfield code="d">DLC</subfield></datafield><datafield ind1="0" ind2=" " tag="022"><subfield code="a">2381-1781</subfield><subfield code="2">1</subfield></datafield><datafield ind1=" " ind2=" " tag="042"><subfield code="a">pcc</subfield><subfield code="a">nsdp</subfield></datafield><datafield ind1=" " ind2=" " tag="043"><subfield code="a">n-us-id</subfield></datafield><datafield ind1="1" ind2="0" tag="050"><subfield code="a">ISSN RECORD</subfield></datafield><datafield ind1="0" ind2="0" tag="082"><subfield code="a">071</subfield><subfield code="2">23</subfield></datafield><datafield ind1=" " ind2="0" tag="222"><subfield code="a">Cottonwood report</subfield><subfield code="b">(Online)</subfield></datafield><datafield ind1="0" ind2="0" tag="245"><subfield code="a">Cottonwood report.</subfield></datafield><datafield ind1=" " ind2="1" tag="264"><subfield code="a">Cottonwood, Idaho County, Idaho :</subfield><subfield code="b">[Camas Prairie Pub. Co.]</subfield></datafield><datafield ind1=" " ind2=" " tag="300"><subfield code="a">1 online resource</subfield></datafield><datafield ind1=" " ind2=" " tag="310"><subfield code="a">Weekly</subfield></datafield><datafield ind1=" " ind2=" " tag="336"><subfield code="a">text</subfield><subfield code="b">txt</subfield><subfield code="2">rdacontent</subfield></datafield><datafield ind1=" " ind2=" " tag="337"><subfield code="a">computer</subfield><subfield code="b">c</subfield><subfield code="2">rdamedia</subfield></datafield><datafield ind1=" " ind2=" " tag="338"><subfield code="a">online resource</subfield><subfield code="b">cr</subfield><subfield code="2">rdacarrier</subfield></datafield><datafield ind1="1" ind2=" " tag="362"><subfield code="a">Began January 27, 1893); ceased  with ninth year, number 11 (March 29, 1901).</subfield></datafield><datafield ind1=" " ind2=" " tag="588"><subfield code="a">Description based on: Volume I, number 44 (December 1, 1893); title from masthead (Chroniclingamerica.loc.gov, viewed September 30, 2015).</subfield></datafield><datafield ind1=" " ind2=" " tag="588"><subfield code="a">Lateset issue consulted: Ninth year, number 11 (March 29, 1901) (Chroniclingamerica.loc.gov, viewed September 30, 2015).</subfield></datafield><datafield ind1=" " ind2="0" tag="651"><subfield code="a">Cottonwood (Idaho)</subfield><subfield code="v">Newspapers.</subfield></datafield><datafield ind1=" " ind2="7" tag="651"><subfield code="a">Idaho</subfield><subfield code="z">Cottonwood.</subfield><subfield code="2">fast</subfield><subfield code="0">(OCoLC)fst01205580</subfield></datafield><datafield ind1=" " ind2="7" tag="655"><subfield code="a">Newspapers.</subfield><subfield code="2">fast</subfield><subfield code="0">(OCoLC)fst01423814</subfield></datafield><datafield ind1=" " ind2=" " tag="752"><subfield code="a">United States</subfield><subfield code="b">Idaho</subfield><subfield code="c">Idaho</subfield><subfield code="d">Cottonwood.</subfield></datafield><datafield ind1="0" ind2="8" tag="776"><subfield code="i">Originally issued in print:</subfield><subfield code="t">Cottonwood report</subfield><subfield code="x">2381-1773</subfield><subfield code="w">(DLC)sn 88056164</subfield><subfield code="w">(OCoLC)18945435</subfield></datafield><datafield ind1="0" ind2="0" tag="785"><subfield code="t">Camas Prairie chronicle</subfield><subfield code="x">2381-084X</subfield><subfield code="w">(DLC)  2015218872</subfield><subfield code="w">(OCoLC)922008604</subfield></datafield><datafield ind1="4" ind2="0" tag="856"><subfield code="u">http://www.loc.gov/chroniclingamerica/lccn/sn88056164/issues</subfield></datafield></record>